@article{STANFORDNLP,
  author = {Manning, Christopher and Surdeanu, Mihai and Bauer, John and Finkel, Jenny and Bethard, Steven and McClosky, David},
  journal = {ACL System Demonstrations},
  keywords = {StanfordCoreNLP nlp toolkit},
  title = {The Stanford CoreNLP Natural Language Processing Toolkit},
  year = 2014
}

@article{SEGEBLAD,
  author = {Segeblad, Jesper},
  title = {WordNet Structure and use in natural language processing},
  year = 2014
}

@article{NLTK,
  author = {Farkiya, Alabhya and Saini, Prashant and Sinha, Shubham and Desai, Sharmishta},
  journal = {International Journal of Computer Science and Information Technologies},
  keywords = {NLTK nlp WordNet},
  title = {Natural Language Processing using NLTK and WordNet},
  year = 2015
}

@article{OLTRAMANI,
  author = {Oltramari, Alessandro and Vossen, Piek and Qin, Lu and Hovy, Eduard},
  title = {New Trends of Research in Ontologies and Lexical Resources},
  year = 2013
}

@inproceedings{POSTAGGER,
 author = {Kristina, Toutanova and Dan, Klein and Christopher, D. Manning and Yoram, Singer},
 booktitle = {HLT-NAACL},
 title = {Feature-Rich Part-of-Speech Tagging with a Cyclic Dependency Network},
 url = {https://nlp.stanford.edu/pubs/toutanova2003pos.pdf},
 year = {2003}
}
